<?xml version="1.0" encoding="UTF-8"?><record xmlns="http://www.loc.gov/MARC21/slim" xmlns:cinclude="http://apache.org/cocoon/include/1.0" xmlns:zs="http://www.loc.gov/zing/srw/">
  <leader>00466cz  a2200133n  4500</leader>
  <controlfield tag="001">no2012123519</controlfield>
  <controlfield tag="003">DLC</controlfield>
  <controlfield tag="005">20140611090721.0</controlfield>
  <controlfield tag="008">120914n| azannaabn          |n aaa     c</controlfield>
  <datafield tag="010" ind1=" " ind2=" ">
    <subfield code="a">no2012123519</subfield>
  </datafield>
  <datafield tag="035" ind1=" " ind2=" ">
    <subfield code="a">(OCoLC)oca09302316</subfield>
  </datafield>
  <datafield tag="040" ind1=" " ind2=" ">
    <subfield code="a">MdU-Mu</subfield>
    <subfield code="b">eng</subfield>
    <subfield code="e">rda</subfield>
    <subfield code="c">MdU-Mu</subfield>
    <subfield code="d">DLC</subfield>
  </datafield>
  <datafield tag="100" ind1="1" ind2=" ">
    <subfield code="a">Lauten, Elodie.</subfield>
    <subfield code="t">Variations on the orange cycle</subfield>
  </datafield>
  <datafield tag="670" ind1=" " ind2=" ">
    <subfield code="a">Svard, L. Other places [SR] p1997:</subfield>
    <subfield code="b">label (Variations on the orange cycle) insert (composed 1991; notated and revised in 1995)</subfield>
  </datafield>
</record>